<record><leader>00000cas a22000007a 4500</leader><controlfield tag="001">15668603</controlfield><controlfield tag="008">870511d19041918iaudn ne      0    0eng d</controlfield><datafield ind1=" " ind2=" " tag="010"><subfield code="a">sn 87058202 </subfield></datafield><datafield ind1=" " ind2=" " tag="040"><subfield code="a">INP</subfield><subfield code="b">eng</subfield><subfield code="c">INP</subfield><subfield code="d">OCLCQ</subfield></datafield><datafield ind1=" " ind2=" " tag="042"><subfield code="a">msc</subfield></datafield><datafield ind1="0" ind2=" " tag="130"><subfield code="a">Muscatine news-tribune (Muscatine, Iowa : Daily)</subfield></datafield><datafield ind1="1" ind2="0" tag="245"><subfield code="a">Muscatine news-tribune.</subfield></datafield><datafield ind1="3" ind2="0" tag="246"><subfield code="a">News-tribune</subfield></datafield><datafield ind1=" " ind2=" " tag="260"><subfield code="a">Muscatine, Iowa :</subfield><subfield code="b">Muscatine News Co.,</subfield><subfield code="c">1904-1918.</subfield></datafield><datafield ind1=" " ind2=" " tag="300"><subfield code="a">v.</subfield></datafield><datafield ind1=" " ind2=" " tag="310"><subfield code="a">Daily (except Monday),</subfield><subfield code="b">&lt;May&gt;-Aug. 1918</subfield></datafield><datafield ind1=" " ind2=" " tag="321"><subfield code="a">Daily (except Monday),</subfield><subfield code="b">Nov.-&lt;Dec. 1904&gt;</subfield></datafield><datafield ind1=" " ind2=" " tag="321"><subfield code="a">Daily (except Saturday),</subfield><subfield code="b">&lt;Dec. 1914-Aug. 1916&gt;</subfield></datafield><datafield ind1="0" ind2=" " tag="362"><subfield code="a">No. 16,989 (Nov. 17, 1904)-Aug. 31, 1918.</subfield></datafield><datafield ind1=" " ind2=" " tag="515"><subfield code="a">&lt;No. 20,082&gt; repeated in numbering; issues lack numbering, &lt;1917&gt;-1918.</subfield></datafield><datafield ind1=" " ind2=" " tag="752"><subfield code="a">United States</subfield><subfield code="b">Iowa</subfield><subfield code="c">Muscatine</subfield><subfield code="d">Muscatine.</subfield></datafield><datafield ind1="0" ind2=" " tag="775"><subfield code="t">Muscatine news-tribune (Muscatine, Iowa : Semiweekly)</subfield><subfield code="w">(DLC)sn 87058212</subfield></datafield><datafield ind1="0" ind2="0" tag="780"><subfield code="t">Muscatine daily news-tribune</subfield><subfield code="w">(DLC)sn 87058201</subfield></datafield><datafield ind1="0" ind2="7" tag="785"><subfield code="t">Muscatine journal (Muscatine, Iowa : 1901)</subfield><subfield code="w">(DLC)sn 87058204</subfield></datafield><datafield ind1="0" ind2="7" tag="785"><subfield code="t">Muscatine journal and news-tribune</subfield><subfield code="w">(DLC)sn 82015306</subfield></datafield></record>